%---------------------------------------------------------------
@article{paperezpeleta,
    author =       "J. Ezpeleta, J. M. Colom and J. Martinez",
    title =        "A Petri net based deadlock prevention policy for flexible manufacturing systems",
    journal =      "IEEE Transactions on Robotics and Automation",
    volume =       "11",
    number =       "2",
    pages =        "173-184",
    year =         "1995",
    DOI =          "10.1109/70.370500",
}

%---------------------------------------------------------------
@article{paperezpeletav2,
    author =       "Zhong, C.‐F. and Li and Z.‐W.",
    title =        "Design of liveness‐enforcing supervisors via transforming plant petri net models of FMS",
    journal =      "Asian Journal of Control",
    volume =       "12",
    pages =        "240-252",
    year =         "2010",
    DOI =          "10.1002/asjc.182",
}

%---------------------------------------------------------------
@article{paperguanjun,
    author =       "G. Liu, C. Jiang and M. Zhou.",
    title =        "Two Simple Deadlock Prevention Policies for S³PR Based on Key-Resource/Operation-Place Pairs",
    journal =      "IEEE Transactions on Automation Science and Engineering",
    volume =       "7",
    number =       "4",
    pages =        "945-957",
    year =         "2010",
    DOI =          "10.1109/TASE.2010.2050059",
}

%---------------------------------------------------------------
@article{paperhospital,
    author =       "Timotei, A. and Colom, J.",
    title =        "A New Approach to Prevent Deadlock in S3PR Nets with Unreplicable Resources",
    journal =      "Proceedings of the 2nd International Conference on Operations Research and Enterprise Systems",
    volume =       "1",
    pages =        "252-257",
    year =         "2013",
    DOI =          "10.5220/0004275702520257",
}

%---------------------------------------------------------------
@article{paperhuang,
    author =       "Huang, Yi-Sheng and Pan, Yen-Liang and Su, Pin-June.",
    title =        "Transition-Based Deadlock Detection and Recovery Policy for FMSs Using Graph Technique",
    journal =      "ACM Transactions on Embedded Computing Systems",
    volume =       "12",
    year =         "2012",
    DOI =          "10.1145/2406336.2406347",
}

%---------------------------------------------------------------
@article{papermfc,
    author =       "Abdul-Hussin M.H.",
    title =        "On Structural Conditions of S3PR based Siphon to Prevent Deadlocks of Manufacturing Systems",
    journal =      "International Journal of  Simulation, Systems, Science.",
    volume =       "17",
    number =       "33",
    pages =        "32.1-32.8",
    year =         "2016",
    DOI =          "10.5013/IJSSST.a.17.33.32",
}

%---------------------------------------------------------------
@article{paperportugal,
    author =       "S. Wang, C. Wang and M. Zhou.",
    title =        "Optimal siphon-based deadlock prevention policy for a class of Petri nets in automation.",
    journal =      "IEEE International Conference on Systems, Man, and Cybernetics, Anchorage, AK",
    pages =        "826-831",
    year =         "2011",
    DOI =          "10.1109/ICSMC.2011.6083755",
}

%---------------------------------------------------------------
@article{paperzhao,
    author =       "Zhao, Mi and Hou, Yifan.",
    title =        "An iterative method for synthesizing non-blocking supervisors for a class of generalized Petri nets using mathematical programming.",
    journal =      "Discrete Event Dynamic Systems",
    volume =       "23",
    year =         "2013",
    DOI =          "10.1007/s10626-011-0124-9",
}

%---------------------------------------------------------------
% @article{papermico,
%     author =       "M. V. {Iordache} and P. J. {Antsaklis}",
%     title =        "Concurrent program synthesis based on supervisory control",
%     journal =      "Proceedings of the 2010 American Control Conference",
%     volume =       "",
%     pages =        "3378-3383",
%     year =         "2010",
%     DOI =          "10.1109/acc.2010.5530904",
% }

%---------------------------------------------------------------
@book{libropopn,
  author    = "Zhou, MengChu and Wu, Naiqi", 
  title     = "System Modeling and Control with Resource-Oriented Petri Nets",
  publisher = "CRC Press, Inc.",
  year      = "2009",
  address   = "USA",
  edition   = "1st",
  isbn      = {1439808848}
}

%---------------------------------------------------------------
@article{paperpanama,
    author =       "Kezić, Danko and Peric, Nedjeljko and Petrovic, Ivan",
    title =        "An Algorithm for Deadlock Prevention Based on Iterative Siphon Control of Petri Net.",
    journal =      "AUTOMATIKA: Journal for Control, Measurement, Electronics, Computing and Communications.",
    volume =       "47",
    number =       "1-2",
    year =         "2006",
}

%---------------------------------------------------------------
@thesis{petrinator,
  author       = "Joaquín Rodriguez Felici and Leandro José Assón", 
  title        = "Editor, simulador y analizador de Redes de Petri.",
  school       = "UNC - Facultad de Ciencias Exactas Físicas y Naturales",
  year         = "2017",
  note         = "Tesis de grado",
}

%---------------------------------------------------------------
@book{libro2,
author = "Li, Zhi Wu and Zhou, Meng Chu",
title = "Deadlock Resolution in Automated Manufacturing Systems: A Novel Petri Net Approach",
year = "2009",
isbn = "184882243X",
publisher = "Springer Publishing Company, Incorporated",
edition = "1st",
}

%---------------------------------------------------------------
@book{falko,
author = "Bause, Falko and Kritzinger, Pieter",
title = "Stochastic Petri Nets - An Introduction to the Theory",
year = "2013",
month = "11",
pages = "",
isbn = "3-528-15535-3"
}

%---------------------------------------------------------------
@inproceedings{papermico,
author = "Micolini, Orlando and Ventre, Luis and Cebollada, Marcelo and Eschoyez, Maximiliano",
year = "2016",
month = "10",
pages = "",
title = "Ecuación de estado generalizada para redes de Petri no autónomas y con distintos tipos de arcos"
}

%---------------------------------------------------------------
@book{brams,
author = "Brams, G. W.",
title = "Las redes de Petri: teoría y práctica",
year = "1986",
publisher = "Masson",
address   = "Barcelona",
edition   = "Tomo 1",
isbn = "8431103930 9788431103934"
}

%---------------------------------------------------------------
@article{paperkezic,
author = {Kezić, Danko and Peric, Nedjeljko and Petrovic, Ivan},
year = {2006},
month = {01},
pages = {},
title = {An Algorithm for Deadlock Prevention Based on Iterative Siphon Control of Petri Net},
journal = {AUTOMATIKA: Journal for Control, Measurement, Electronics, Computing and Communications (korema@fer.hr); Vol.47 No.1-2}
}

%-------------------------------------------------------------
@article{paperauto,
author="H. Liu and K. Xing and M. Zhou and L. Han and F. Wang",  
title="Transition Cover-Based Design of Petri Net Controllers for Automated Manufacturing Systems",
year="2014",
volume="44",
number="2", 
pages="196-208", 
DOI="10.1109/TSMC.2013.2238923"
}

%---------------------------------
@article{paperHiuxia,  
author={H. {Liu} and W. {Wu} and X. {Han} and H. {Yang} and W. {Ma} and C. {Wang}},
booktitle={2019 Chinese Control Conference (CCC)},
title={Deadlock-free genetic scheduling algorithm for flexible manufacturing systems with key resources},
year={2019}, 
pages={1772-1776},  
doi={10.23919/ChiCC.2019.8866617}}

%---------------------------------------------------------------
@book{mendez,
author = {Palma Méndez José Tomas,  Garrido Carrera Maria del Carmen, Sanchez Figueroa Fernando and Quesada Arenciaba Alexis},
title = {Programación Concurrente},
year = "2003",
publisher = "Editorial Paraninfo",
}

%---------------------------------------------------------------
@book{stallings,
author = "William Stallings",
title = "Sistemas operativos: aspectos internos y principios de diseño",
year = "2005",
publisher = "Pearson Educación, S.A.",
address   = "Madrid",
edition   = "5ta",
isbn = "978-84-205-5796-0"
}

%---------------------------------------------------------------
@thesis{tesisnonino,
author = {Nonino, Julian and Pisetta, Carlos and Micolini, Orlando},
year = {2012},
month = {11},
pages = {},
title = {Desarrollo de IP cores con procesamiento de Redes de Petri Temporales para sistemas multicore en FPGA},
doi = {10.13140/RG.2.2.10266.29127}
}

%---------------------------------------------------------------
@article{paperfanti,
author = {Fanti, Maria Pia and Zhou, Mengchu},
year = {2004},
month = {02},
pages = {5 - 22},
title = {Deadlock Control Methods in Automated Manufacturing Systems},
volume = {34},
journal = {Systems, Man and Cybernetics, Part A: Systems and Humans, IEEE Transactions on},
doi = {10.1109/TSMCA.2003.820590}
}

%-------------------------------------------------------------------
@article{paperjianchao,
author = {Luo, Jianchao and Liu, ZhiQiang and Zhou, Mengchu},
year = {2018},
month = {10},
pages = {1-1},
title = {A Petri Net Based Deadlock Avoidance Policy for Flexible Manufacturing Systems With Assembly Operations and Multiple Resource Acquisition},
volume = {PP},
journal = {IEEE Transactions on Industrial Informatics},
doi = {10.1109/TII.2018.2876343}
}

%------------------------------------------------------------------
@article{paperyifanhou,
author = {Hou, Yifan and Barkaoui, Kamel},
year = {2017},
month = {05},
pages = {168781401769354},
title = {Deadlock analysis and control based on Petri nets: A siphon approach review},
volume = {9},
journal = {Advances in Mechanical Engineering},
doi = {10.1177/1687814017693542}
}

%------------------------------------------------------------------
@article{paperzhiwuli,
author = {Li, Zhiwu and Wu, Naiqi and Zhou, Mengchu},
year = {2012},
month = {07},
pages = {437-462},
title = {Deadlock Control of Automated Manufacturing Systems Based on Petri Nets—A Literature Review},
volume = {42},
journal = {IEEE Transactions on Systems, Man, and Cybernetics - TSMC},
doi = {10.1109/TSMCC.2011.2160626}
}

%-------------------------------------------------------
@article{paperhu,
author={H. {Hu} and M. {Zhou} and Z. {Li} and Y. {Tang}},
journal={IEEE Transactions on Industrial Informatics}, 
title={Deadlock-Free Control of Automated Manufacturing Systems With Flexible Routes and Assembly Operations Using Petri Nets}, 
year={2013},
volume={9},
number={1},
pages={109-121},
doi={10.1109/TII.2012.2198661}
}

%-------------------------------------------------------
@book{petri1962kommunikation,
  title={Kommunikation mit Automaten},
  author={Petri, C.A.},
  series={Schriften des Rheinisch-Westf{\"a}lischen Institutes f{\"u}r Instrumentelle Mathematik an der Universit{\"a}t Bonn},
  url={https://books.google.com.ar/books?id=NCZMvAEACAAJ},
  year={1962},
  publisher={Technische Hochschule, Darmstadt.}
}

%-------------------------------------------------------
@article{LIU2016198,
title = "A survey of siphons in Petri nets",
journal = "Information Sciences",
volume = "363",
pages = "198 - 220",
year = "2016",
issn = "0020-0255",
doi = "https://doi.org/10.1016/j.ins.2015.08.037",
url = "http://www.sciencedirect.com/science/article/pii/S0020025515006258",
author = "GaiYun Liu and Kamel Barkaoui",
}

%-------------------------------------------------------
% ULTIMOS BIB AGREGADOS
%-------------------------------------------------------
@article{paperchen,
author = {Chen, Yufeng and Li, Zhiwu and Khalgui, Mohamed and Mosbahi, Olfa},
year = {2011},
month = {05},
pages = {374 - 393},
title = {Design of a Maximally Permissive Liveness- Enforcing Petri Net Supervisor for Flexible Manufacturing Systems},
volume = {8},
journal = {Automation Science and Engineering, IEEE Transactions on},
doi = {10.1109/TASE.2010.2060332}
}

%-------------------------------------------------------
@INPROCEEDINGS{YiShengBook,  
author = { {YiSheng Huang} and  {MuDer Jeng} and  {Xiaolan Xie} and  {ShengLuen Chung}},  
booktitle = {Proceedings 2001 ICRA. IEEE International Conference on Robotics and Automation (Cat. No.01CH37164)},   
title= {A deadlock prevention policy for flexible manufacturing systems using siphons},   
year = {2001},  
volume = {1},  
number = {},  
pages = {541-546 vol.1},  
doi={10.1109/ROBOT.2001.932606}
}

%-------------------------------------------------------
@article{YHuangandJeng,  
author = {Y. -. {Huang} and M. {Jeng} and X. {Xie} and D. -. {Chung}},
journal = {IEEE Transactions on Systems, Man, and Cybernetics - Part A: Systems and Humans},   
title = {Siphon-Based Deadlock Prevention Policy for Flexible Manufacturing Systems},   
year = {2006},  
volume = {36},  
number = {6},  
pages = {1248-1256},  
doi = {10.1109/TSMCA.2006.878953}
}

%-------------------------------------------------------
@article{LiandWei,
author = {Li, Zhiwu and Wei, Na},
year = {2007},
month = {05},
pages = {24-35},
title = {Deadlock control of flexible manufacturing systems via invariant–controlled elementary siphons of petri nets},
volume = {33},
journal = {The International Journal of Advanced Manufacturing Technology},
doi = {10.1007/s00170-006-0452-3}
}

%-------------------------------------------------------
@article{Huang2007,
author = {Huang, Yi-Sheng},
title = {Design of deadlock prevention supervisors using Petri nets},
journal = {The International Journal of Advanced Manufacturing Technology},
year = {2007},
month = {Dec},
day = {01},
volume = {35},
number = {3},
pages = {349-362},
issn = {1433-3015},
doi = {10.1007/s00170-006-0708-y},
url = {https://doi.org/10.1007/s00170-006-0708-y}
}

%-------------------------------------------------------
@article{LiuanLi2013,
author = {Liu, Gaiyun and Li, Zhiwu and Barkaoui, Kamel and Al-Ahmari, Abdulrahman},
year = {2013},
month = {06},
pages = {259–279},
title = {Robustness of deadlock control for a class of Petri nets with unreliable resources},
volume = {235},
journal = {Information Sciences},
doi = {10.1016/j.ins.2013.01.003}
}

%-------------------------------------------------------
@ARTICLE{Viswanadham,  
author = {N. {Viswanadham} and Y. {Narahari} and T. L. {Johnson}},  journal = {IEEE Transactions on Robotics and Automation},   
title = {Deadlock prevention and deadlock avoidance in flexible manufacturing systems using Petri net models},   
year = {1990},  
volume = {6},  
number = {6},  
pages={713-723},  
doi={10.1109/70.63257}
}

%-------------------------------------------------------
@article{uzam2004,
author = {Uzam, Murat},
year = {2004},
month = {02},
pages = {204-219},
title = {The use of Petri net reduction approach for an optimal deadlock prevention policy for flexible manufacturing systems},
volume = {23},
journal = {The International Journal of Advanced Manufacturing Technology},
doi = {10.1007/s00170-002-1526-5}
}

%-------------------------------------------------------
@article{uzam2002,
author = {Uzam, Murat},
year = {2002},
month = {01},
pages = {192-208},
title = {An Optimal Deadlock Prevention Policy for Flexible Manufacturing Systems Using Petri Net Models with Resources and the Theory of Regions},
volume = {19},
journal = {Int. J. Adv. Manuf. Technol.},
doi = {10.1007/s001700200014}
}

%-------------------------------------------------------
@inproceedings{uzamandzhou2004,
author = {Uzam, Murat and Zhou, Mengchu},
year = {2004},
month = {11},
pages = {4260 - 4265 vol.5},
title = {Iterative synthesis of Petri net based deadlock prevention policy for flexible manufacturing systems},
volume = {5},
isbn = {0-7803-8566-7},
journal = {Conference Proceedings - IEEE International Conference on Systems, Man and Cybernetics},
doi = {10.1109/ICSMC.2004.1401200}
}


%-------------------------------------------------------
@article{uzammuratli2007,
author = {Uzam, Murat and Li, Zhiwu and Zhou, Mengchu},
year = {2007},
month = {11},
pages = {150-168},
title = {Identification and elimination of redundant control places in Petri net based liveness enforcing supervisors of FMS},
volume = {35},
journal = {Int. J. Adv. Manuf. Tech.},
doi = {10.1007/s00170-006-0701-5}
}

%-------------------------------------------------------


%-------------------------------------------------------

